% Encoding: UTF-8

@MastersThesis{Eder2006a,
  author    = {Eder, Herbert},
  title     = {{D}evelopment of a repetitive clamping test system hardware for smart power switches},
  school    = {Carinthia University of Applied Sciences},
  year      = {2006},
  address   = {Villach, Austria},
  editor    = {Glavanovics, Michael and Egger, Winfried},
  file      = {:https\://kai.intra.infineon.com/refbase/documents/Eder/148_2006.pdf:URL},
  keywords  = {Smart power switches},
  refbase   = {148},
  timestamp = {2019-10-28},
}

@Manual{Eder2006b,
  title     = {Advanced Repetitive Clamping Test Integrated System},
  author    = {Eder, Herbert and Köck Helmut and Kreuter, Hans-Peter and Glavanovics, Michael},
  year      = {2006},
  file      = {:https\://kai.intra.infineon.com/refbase/documents/Eder/153_2006.pdf:URL},
  owner     = {steinweb},
  refbase   = {153},
  timestamp = {2019-11-04},
}

@InProceedings{Hainz2006,
  author    = {Hainz, Simon and Ofner, Erwin and Hammerschmidt, Dirk and Werth, Tobias and Grünbacher, Herbert},
  title     = {{P}osition {D}etection in {A}utomotive {A}pplication by {A}daptive {I}nter {S}ymbol {I}nterference {R}emoval},
  booktitle = {5\textsuperscript{th} IEEE Conference on Sensors},
  year      = {2006},
  pages     = {1103--1106},
  doi       = {10.1109/ICSENS.2007.355818},
  file      = {:https\://kai.intra.infineon.com/refbase/documents/Hainz/51_2006.pdf:URL},
  keywords  = {Air temperature},
  language  = {English},
  location  = {South Korea},
  refbase   = {51},
}

@InProceedings{Hainz2006a,
  author    = {Hainz, Simon and Hammerschmidt, Dirk and Werth, Tobias and Grünbacher, Herbert},
  title     = {{I}mproving {P}hase {A}ccuracy by removing systematic phase error introduced by {I}nter {S}ymbol {I}nterference},
  booktitle = {20\textsuperscript{th} Eurosensors Conference},
  year      = {2006},
  file      = {:https\://kai.intra.infineon.com/refbase/documents/Hainz/120_2006.pdf:URL},
  refbase   = {120},
  timestamp = {2019-10-29},
}

@Patent{Hainz2006b,
  nationality = {DE},
  number      = {DE 10 2006 049 362.1},
  year        = {2006},
  yearfiled   = {2006},
  author      = {Hainz, Simon and Hammerschmidt, Dirk and Werth, Tobias},
  title       = {Verfahren zur Bestimmung der Winkelposition eines rotierenden Objekts und Drehgebers, Adaptiver Algorithmus mit physikalischen Parametern},
  owner       = {steinweb},
  refbase     = {283},
  timestamp   = {2019-11-01},
}

@MastersThesis{Koeck2006,
  author    = {Köck, Helmut},
  title     = {{D}evelopment of {L}ab{VIEW} realtime {FPGA} software for cycle test systems},
  school    = {Carinthia University of Applied Sciences},
  year      = {2006},
  address   = {Klagenfurt},
  editor    = {Glavanovics, Michael and Baltl, Manfred},
  file      = {:https\://kai.intra.infineon.com/refbase/documents/K_ck/158_2006.pdf:URL},
  keywords  = {LabVIEW},
  language  = {English},
  refbase   = {158},
  timestamp = {2019-10-29},
}

@Comment{jabref-meta: databaseType:bibtex;}

@Comment{jabref-meta: fileDirectory:documents;}

@Comment{jabref-meta: protectedFlag:true;}

@Comment{jabref-meta: saveActions:enabled;
pages[normalize_page_numbers]
month[normalize_month]
author[identity]
booktitle[ordinals_to_superscript]
title[identity]
;}

@Comment{jabref-meta: saveOrderConfig:specified;bibtexkey;false;abstract;false;abstract;false;}
