% Encoding: UTF-8

@InProceedings{Aichinger2007,
  author    = {Aichinger, Thomas and Nelhiebel, Michael},
  title     = {{C}harge {P}umping revisited -- the benefits of an optimized constant base level charge pumping technique for {MOS}-{FET} analysis},
  booktitle = {2007 IEEE International Integrated Reliability Workshop Final Report},
  year      = {2007},
  pages     = {63--69},
  publisher = {{IEEE}},
  doi       = {10.1109/IRWS.2007.4469223},
  file      = {:https\://kai.intra.infineon.com/refbase/documents/Aichinger/255_2007.pdf:URL},
  language  = {English},
  location  = {Lake Tahoe, CA, USA},
  refbase   = {255},
  timestamp = {2019-10-29},
}

@InProceedings{Bluder2007,
  author    = {Bluder, Olivia and Köck, Helmut and Glavanovics, Michael},
  title     = {{C}omparison of {S}tatistical {M}odels describing {P}ower {S}emiconductor {C}ycle {L}ife {D}ata},
  booktitle = {Book of Abstracts of the Applied Statistics 2007},
  year      = {2007},
  pages     = {27},
  file      = {:https\://kai.intra.infineon.com/refbase/documents/Bluder_Olivia/141_2007.ppt:URL},
  isbn      = {978-9-619-031-483},
  owner     = {steinwender},
  refbase   = {141},
  timestamp = {2019-10-29},
}

@MastersThesis{Fill2007,
  author    = {Fill, Matthias},
  title     = {{D}ie thermische {A}usdehnung von miniaturisierten {M}ehrlagen-{S}chichtstrukturen},
  school    = {University of Vienna},
  year      = {2007},
  address   = {Wien},
  file      = {:https\://kai.intra.infineon.com/refbase/documents/Fill/550_2007.pdf:URL},
  language  = {German},
  refbase   = {550},
  timestamp = {2019-10-29},
}

@MastersThesis{Gallent2007,
  author    = {Gallent, Wolfgang},
  title     = {{KLAX} - {A}n {A}utomated {L}aboratory {T}est {S}ystem for the {C}haracterization of {S}mart {P}ower {S}witches},
  school    = {Carinthia University of Applied Sciences},
  year      = {2007},
  address   = {Villach},
  file      = {:https\://kai.intra.infineon.com/refbase/documents/Gallent/250_2007.pdf:URL},
  keywords  = {LabVIEW},
  language  = {English},
  refbase   = {250},
  timestamp = {2019-10-29},
}

@Article{Glavanovics2007,
  author    = {Glavanovics, Michael and Köck, Helmut and Košel, Vladimír and Smorodin, Tobias},
  title     = {{F}lexible active cycle stress testing of smart power switches},
  journal   = {Microelectronics Reliablity},
  year      = {2007},
  volume    = {47},
  number    = {9-11},
  pages     = {1790--1794},
  comment   = {Identical with the ESREF 2007 publication - submitted to the journal by ESREF committee},
  doi       = {10.1016/j.microrel.2007.07.065},
  file      = {:https\://kai.intra.infineon.com/refbase/documents/Glavanovics/563_2007.pdf:URL},
  language  = {English},
  refbase   = {563},
  timestamp = {2019-10-29},
}

@InProceedings{Glavanovics2007a,
  author    = {Glavanovics, Michael and Köck, Helmut and Košel, Vladimír and Smorodin, Tobias},
  title     = {{F}lexible active cycle stress testing of {S}mart {P}ower switches},
  booktitle = {European Symposium on Reliability of Electron Devices, Failure Physics and Analysis},
  year      = {2007},
  publisher = {{E}lsevier {B}.{V}., {R}adarweg 29, 1043 {NX} {A}msterdam, {T}he {N}etherlands},
  doi       = {10.1016/j.microrel.2007.07.065},
  file      = {:https\://kai.intra.infineon.com/refbase/documents/Glavanovics/55_2007.pdf:URL},
  language  = {English},
  location  = {Arcachon, France},
  refbase   = {55},
  timestamp = {2019-10-29},
}

@InProceedings{Glavanovics2007b,
  author    = {Glavanovics, Michael and Köck, Helmut and Eder, Herbert and Košel, Vladimír and Smorodin, Tobias},
  title     = {A new cycle test system emulating inductive switching waveforms},
  booktitle = {2007 European Conference on Power Electronics and Applications},
  year      = {2007},
  publisher = {{IEEE}},
  doi       = {10.1109/EPE.2007.4417742},
  file      = {:https\://kai.intra.infineon.com/refbase/documents/Glavanovics/54_2007.pdf:URL},
  keywords  = {Automotive electronics},
  language  = {English},
  location  = {Aalborg, Denmark},
  refbase   = {54},
  timestamp = {2019-10-29},
}

@InProceedings{Hainz2007a,
  author    = {Hainz, Simon and Jungwirth, Mario},
  title     = {{M}agnetic {F}ield {S}ensor {U}sing a {P}hysical {M}odel to {P}re-{C}alculate the {M}agnetic {F}ield and to {R}emove {S}ystematic {E}rror due to {P}hysical {P}arameters},
  booktitle = {2007 International Conference on Thermal, Mechanical and Multi-Physics Simulation Experiments in Microelectronics and Micro-Systems},
  year      = {2007},
  doi       = {10.1109/ESIME.2007.359929},
  file      = {:https\://kai.intra.infineon.com/refbase/documents/Hainz/53_2007.pdf:URL},
  isbn      = {978-1-424-411-061},
  language  = {English},
  location  = {London},
  refbase   = {53},
  timestamp = {2019-10-29},
}

@Patent{Hainz2007b,
  nationality = {AT},
  number      = {2007E52261AT},
  year        = {2007},
  yearfiled   = {2007},
  author      = {Hainz, Simon and Hammerschmidt, Dirk and Motz, Mathias and Werth, Tobias},
  title       = {Predictive Phase Locked Loop Systems},
  owner       = {steinweb},
  refbase     = {558},
  timestamp   = {2019-11-01},
}

@Patent{Hainz2007c,
  nationality = {AT},
  number      = {2007E5352AT},
  year        = {2007},
  yearfiled   = {2007},
  author      = {Hainz, Simon and Katzmaier, Erich and Hammerschmidt, Dirk},
  title       = {Rotation Sensing Method and Systems},
  owner       = {steinweb},
  refbase     = {559},
  timestamp   = {2019-11-01},
}

@MastersThesis{Koeck2007,
  author    = {Köck, Helmut},
  title     = {{S}oftware {D}evelopment for {C}ycle {T}est {S}ystems based on a {M}ulti-{T}ier {A}rchitecture},
  school    = {Carinthia University of Applied Sciences},
  year      = {2007},
  address   = {Klagenfurt},
  editor    = {Glavanovics, Michael and Baltl, Manfred},
  file      = {:https\://kai.intra.infineon.com/refbase/documents/Helmut_K_ck/140_2007.pdf:URL},
  keywords  = {LabVIEW},
  language  = {English},
  refbase   = {140},
  timestamp = {2019-10-29},
}

@InCollection{Koeck2007a,
  author    = {Köck, Helmut and Kreuter, Hans-Peter},
  title     = {{A} {N}ovel {L}ifetime {C}ycle {T}est {S}ystem for {I}ntegrated {P}ower {D}evices},
  booktitle = {Virtuelle Instrumente in der Praxis: Begleitband zum Kongress VIP 2007},
  publisher = {{H}üthig {V}erlag},
  year      = {2007},
  pages     = {370--373},
  file      = {:https\://kai.intra.infineon.com/refbase/documents/K_ck/139_2007.pdf:URL},
  keywords  = {Lifetime},
  language  = {English},
  location  = {München},
  refbase   = {139},
  timestamp = {2019-10-29},
}

@InProceedings{Kosel2007,
  author    = {Košel, Vladimír and Sleik, Roland and Glavanovics, Michael},
  title     = {{T}ransient non-linear thermal {FEM} simulation of smart power switches and verification by measurements},
  booktitle = {2007 13\textsuperscript{th} International Workshop on Thermal Investigation of ICs and Systems (THERMINIC)},
  year      = {2007},
  address   = {Budapest, Hungary},
  publisher = {{IEEE}},
  doi       = {10.1109/THERMINIC.2007.4451757},
  file      = {:https\://kai.intra.infineon.com/refbase/documents/Ko_el/122_2007.pdf:URL},
  isbn      = {978-2-355-000-027},
  keywords  = {temperature},
  language  = {English},
  location  = {Budapest},
  refbase   = {122},
  timestamp = {2019-10-29},
}

@InProceedings{Kosel2007b,
  author    = {Košel, Vladimír and Zarbakhsh, Javad and Glavanovics, Michael},
  title     = {{P}lastic deformation of aluminum bonding wire impressed by wedge bonding tool},
  booktitle = {6\textsuperscript{th} EUROSIM Congress on Modelling and Simulation},
  year      = {2007},
  address   = {Ljubljana, Slovenia},
  file      = {:https\://kai.intra.infineon.com/refbase/documents/Ko_el/118_2007.pdf:URL},
  isbn      = {978-3-901-608-322},
  keywords  = {FEM},
  language  = {English},
  location  = {Ljubljana, Slovenia},
  refbase   = {118},
  timestamp = {2019-10-29},
}

@MastersThesis{Kreuter2007,
  author    = {Kreuter, Hans-Peter},
  title     = {{D}evelopment of an {A}ccelerated {S}hort {C}ircuit {L}ife {T}est {M}ethod for {S}mart {P}ower {S}witches},
  school    = {Alpen-Adria-Universität Klagenfurt},
  year      = {2007},
  address   = {Klagenfurt},
  editor    = {Glavanovics Michael and Hellwagner Hermann},
  file      = {:https\://kai.intra.infineon.com/refbase/documents/Hans_Peter_Kreuter/115_2007.pdf:URL},
  keywords  = {LabVIEW},
  language  = {English},
  refbase   = {115},
  timestamp = {2019-10-29},
}

@Conference{Lackner2007,
  author    = {Lackner, Melanie and Košel, Vladimír and Glavanovics, Michael},
  title     = {{E}valuation of delta{VSD} {M}easuring {M}ethod to detect {P}ackage {I}rregularities in {S}mart {P}ower {S}witches},
  booktitle = {Austrian Workshop on Microelectronics},
  year      = {2007},
  address   = {Graz, Austria},
  file      = {:https\://kai.intra.infineon.com/refbase/documents/Lackner/154_2007.pdf:URL},
  keywords  = {FEM simulation},
  language  = {English},
  location  = {Graz},
  refbase   = {154},
  timestamp = {2019-10-29},
}

@MastersThesis{Lackner2007a,
  author    = {Lackner, Melanie},
  title     = {{E}valuation of {D}elta{VSD} measuring method to detect package irregularities in smart power switches},
  school    = {Carinthia University of Applied Sciences},
  year      = {2007},
  address   = {Villach, Austria},
  editor    = {Glavanovics Michael and Werth Wolfgang},
  file      = {:https\://kai.intra.infineon.com/refbase/documents/Lackner/147_2007.pdf:URL},
  keywords  = {Smart Power Switches},
  language  = {English},
  refbase   = {147},
  timestamp = {2019-10-29},
}

@InProceedings{PirkerFruehauf2007,
  author    = {Pirker-Frühauf, Anton and Schönherr, Karsten and Laroche, Arnaud and Pelz, Georg},
  title     = {{W}orst-{C}ase {M}odeling and {S}imulation of an {A}utomotive {T}hrottle in {VHDL}-{AMS}},
  booktitle = {2007 IEEE International Behavioral Modeling and Simulation Workshop},
  year      = {2007},
  address   = {Santa Clara, California, USA},
  publisher = {{IEEE}},
  doi       = {10.1109/BMAS.2007.4437542},
  file      = {:https\://kai.intra.infineon.com/refbase/documents/Pirker_Fr_hauf_Anton/117_2007.pdf:URL},
  keywords  = {VHDL-AMS},
  language  = {English},
  location  = {Santa Clara, California, USA},
  refbase   = {117},
  timestamp = {2019-10-29},
}

@Article{Puchner2007,
  author    = {Puchner, Stefan and Hutter, Herbert and Eisenmenger-Sittner, Christoph and Kiniger, M.},
  title     = {{TOF}-{SIMS} investigations on thermally treated copper–molybdenum films on a carbon substrate},
  journal   = {Analytical and Bionalanlytical Chemistry},
  year      = {2007},
  volume    = {390},
  number    = {6},
  pages     = {1537--1541},
  doi       = {10.1007/s00216-007-1734-9},
  file      = {:https\://kai.intra.infineon.com/refbase/documents/Puchner/629_2007.pdf:URL},
  keywords  = {CuMO films},
  language  = {English},
  publisher = {{S}pringer},
  refbase   = {629},
  timestamp = {2019-10-29},
}

@InProceedings{Satz2007,
  author    = {Satz, Armin and Hammerschmidt, Dirk},
  title     = {{D}ynamical {C}haracterization of a vibrating member gyroscope using finite element method},
  booktitle = {6\textsuperscript{th} EUROSIM Congress on Modelling and Simulation},
  year      = {2007},
  file      = {:https\://kai.intra.infineon.com/refbase/documents/Armin_Satz/130_2007.pdf:URL},
  keywords  = {Gyroscope},
  language  = {English},
  location  = {Ljubljana, Slovenia},
  refbase   = {130},
  timestamp = {2019-10-29},
}

@Conference{Satz2007a,
  author    = {Armin Satz},
  title     = {Dynamical Characterization of a Vibrating Member Gyroscope using FEM},
  booktitle = {Federation of European Simulation Societies},
  year      = {2007},
  file      = {:https\://kai.intra.infineon.com/refbase/documents/Satz_Armin/406_2007.ppt:URL},
  owner     = {steinweb},
  refbase   = {406},
  timestamp = {2019-11-01},
}

@InProceedings{Smorodin2007,
  author    = {Smorodin, Tobias and Stecher, Matthias and Wilde, Jörg and Glavanovics, Michael},
  title     = {{P}ower-cycling of {DMOS}-switches triggers thermo-mechanical failure mechanisms},
  booktitle = {37\textsuperscript{th} European Solid State Device Research Conference},
  year      = {2007},
  pages     = {139--142},
  doi       = {10.1109/ESSDERC.2007.4430898},
  file      = {:https\://kai.intra.infineon.com/refbase/documents/Smorodin/143_2007.pdf:URL},
  language  = {English},
  location  = {Munich, Germany},
  refbase   = {143},
  timestamp = {2019-10-29},
}

@Patent{Tatschl2007a,
  nationality = {US},
  number      = {US 7,208,944 B2},
  year        = {2007},
  yearfiled   = {2007},
  author      = {Tatschl, David and Hainz, Simon and Hammerschmidt, Dirk and Werth, Tobias},
  title       = {Method for determining the angular position of a rotating object and rotary encoder},
  owner       = {steinweb},
  refbase     = {282},
  timestamp   = {2019-11-01},
}

@Comment{jabref-meta: databaseType:bibtex;}

@Comment{jabref-meta: fileDirectory:documents;}

@Comment{jabref-meta: protectedFlag:true;}

@Comment{jabref-meta: saveActions:enabled;
pages[normalize_page_numbers]
month[normalize_month]
author[identity]
booktitle[ordinals_to_superscript]
title[identity]
;}

@Comment{jabref-meta: saveOrderConfig:specified;bibtexkey;false;abstract;false;abstract;false;}
