% Encoding: UTF-8

@Article{Aichinger2008,
  author    = {Aichinger, Thomas and Nelhiebel, Michael and Grasser, Tibor},
  title     = {{O}n the temperature dependence of {NBTI} recovery},
  journal   = {Microelectronics Reliability},
  year      = {2008},
  volume    = {48},
  number    = {8-9},
  pages     = {1178--1184},
  note      = {Best paper at ESREF 2008},
  doi       = {10.1016/j.microrel.2008.06.018},
  file      = {:https\://kai.intra.infineon.com/refbase/documents/Aichinger/421_2008.pdf:URL},
  keywords  = {NBTI},
  language  = {English},
  location  = {Maastricht, Netherlands},
  refbase   = {421},
  timestamp = {2019-10-29},
}

@Article{Aichinger2008a,
  author    = {Aichinger, Thomas and Nelhiebel, Michael},
  title     = {{A}dvanced {E}nergetic and {L}ateral {S}ensitive {C}harge {P}umping {P}rofiling {M}ethods for {MOSFET} {D}evice {C}haracterization -- {A}nalytical {D}iscussion and {C}ase {S}tudies},
  journal   = {IEEE Transactions on Device and Materials Reliability},
  year      = {2008},
  volume    = {8},
  number    = {3},
  pages     = {509--518},
  issn      = {1530-4388},
  doi       = {10.1109/TDMR.2008.2002352},
  file      = {:https\://kai.intra.infineon.com/refbase/documents/Aichinger/434_2008.pdf:URL},
  keywords  = {Charge pumping},
  language  = {English},
  refbase   = {434},
  timestamp = {2019-10-29},
}

@MastersThesis{Bluder2008,
  author    = {Bluder, Olivia},
  title     = {{S}tatistical analysis of smart power switch life test results},
  school    = {Alpen-Adria-Universität Klagenfurt},
  year      = {2008},
  file      = {:https\://kai.intra.infineon.com/refbase/documents/Olivia_Bluder/338_2008.pdf:URL},
  owner     = {steinwender},
  refbase   = {338},
  timestamp = {2019-10-29},
}

@InProceedings{Bluder2008a,
  author    = {Bluder, Olivia and Plankensteiner, Kathrin},
  title     = {{C}omparing log-normal and {W}eibull distribution for modeling lifetimes of {S}mart {P}ower {IC}s},
  booktitle = {Proceedings of Austrian Workshop on Microelectronics},
  year      = {2008},
  pages     = {67--72},
  file      = {:https\://kai.intra.infineon.com/refbase/documents/Bluder/415.pdf:URL},
  isbn      = {978-3-200-013-308},
  owner     = {steinwender},
  refbase   = {415},
  timestamp = {2019-10-29},
}

@Conference{Djelassi2008,
  author    = {Djelassi, Christian and Kreuter, Hans-Peter and Glavanovics, Michael},
  title     = {{D}evelopment and {V}erification of an {IC} {C}ase {T}emperature {M}easurement {S}ystem},
  booktitle = {Austrian Workshop on Microelectronics},
  year      = {2008},
  file      = {:https\://kai.intra.infineon.com/refbase/documents/Djelassi/417.pdf:URL},
  language  = {English},
  location  = {Linz, Austria},
  refbase   = {417},
  timestamp = {2019-10-29},
}

@InCollection{Gallent2008,
  author    = {Gallent, Wolfgang and Kreuter, Hans-Peter and Pirker-Frühauf, Anton},
  title     = {{S}mart power switch characterization},
  booktitle = {Electronics Production and TEST (EPP) Europe},
  publisher = {{K}onrad {K}ohlhammer},
  year      = {2008},
  pages     = {50--51},
  issn      = {1618-5587},
  refbase   = {424},
  timestamp = {2019-10-29},
}

@InProceedings{Glavanovics2008,
  author    = {Glavanovics, Michael and Sleik, Roland and Schreiber, Christoph},
  title     = {{A} compact high current system for short circuit testing of smart power switches according to {AEC} standard {Q}100-012},
  booktitle = {2008 IEEE Power Electronics Specialists Conference},
  year      = {2008},
  pages     = {1828--1832},
  publisher = {{IEEE}},
  doi       = {10.1109/PESC.2008.4592209},
  file      = {:https\://kai.intra.infineon.com/refbase/documents/Glavanovics/374_2008.pdf:URL},
  isbn      = {978-1-424-416-684},
  keywords  = {Automotive applications},
  language  = {English},
  location  = {Rhodes, Greece},
  refbase   = {374},
  timestamp = {2019-10-29},
}

@InProceedings{Grasser2008a,
  author    = {Grasser, Tibor and Kaczer, Ben and Aichinger, Thomas and Goes, Wolfgang and Nelhiebel, Michael},
  title     = {{D}efect {C}reation {S}timulated by {T}hermally {A}ctivated {H}ole {T}rapping as the {D}riving {F}orce {B}ehind {N}egative {B}ias {T}emperature {I}nstability in {S}i{O}2, {S}i{ON}, and {H}igh-k {G}ate {S}tacks},
  booktitle = {2008 IEEE International Integrated Reliability Workshop Final Report},
  year      = {2008},
  pages     = {91--95},
  doi       = {10.1109/IRWS.2008.4796094},
  file      = {:https\://kai.intra.infineon.com/refbase/documents/Grasser/581_2008.pdf:URL},
  refbase   = {581},
  timestamp = {2019-10-29},
}

@Article{Hadzi-Vukovic2008,
  author    = {Hadzi-Vukovic, Jovan and Jevtic, M. and Glavanovics, Michael},
  title     = {{The Study of ESD Induced Defects in Grounded Gate NMOS Using Low Frequency Noise Measurements}},
  journal   = {physica status solidi (a)},
  year      = {2008},
  volume    = {205},
  number    = {11},
  pages     = {2544--2547},
  month     = nov,
  booktitle = {International Conference on Micro-Nanoelectronics, Nanotechnology and MEMs},
  doi       = {10.1002/pssa.200780115},
  file      = {:https\://kai.intra.infineon.com/refbase/documents/Hadzi_Vukovic/160_2007.pdf:URL},
  language  = {English},
  location  = {Athens},
  refbase   = {160},
  timestamp = {2019-10-29},
}

@Article{Hainz2008a,
  author    = {Hainz, Simon and Hammerschmidt, Dirk},
  title     = {{C}ompensation of {A}ngular {E}rrors using {D}ecision {F}eedback {E}qualizer {A}pproach},
  journal   = {IEEE Sensors Journal},
  year      = {2008},
  volume    = {8},
  number    = {9},
  pages     = {1548--1556},
  doi       = {10.1109/JSEN.2008.925456},
  file      = {:https\://kai.intra.infineon.com/refbase/documents/Hainz/280_2008.pdf:URL},
  refbase   = {280},
  timestamp = {2019-10-29},
}

@PhdThesis{Hainz2008b,
  author    = {Hainz, Simon},
  title     = {{C}ompensation of the {S}ystematic {A}ngle {E}rror {C}aused by {A}ir {G}ap {V}ariations {U}sing {D}ecision {F}eedback {E}qualizer {A}pproach},
  school    = {Vienna University of Technology},
  year      = {2008},
  address   = {Wien},
  editor    = {Gruenbacher, Herbert},
  file      = {:https\://kai.intra.infineon.com/refbase/documents/Hainz/363_2008.pdf:URL},
  keywords  = {magnetic sensor},
  language  = {English},
  refbase   = {363},
  timestamp = {2019-10-29},
}

@MastersThesis{Husstedt2008,
  author    = {Husstedt, Hendrik},
  title     = {{K}alibrierung eines {R}eferenzsensors zur ortsabhängigen {E}rfassung inhomogener {M}agnetfelder},
  school    = {Alpen-Adria-Universität Klagenfurt},
  year      = {2008},
  address   = {Klagenfurt},
  file      = {:https\://kai.intra.infineon.com/refbase/documents/Husstedt/547_2008.pdf:URL},
  language  = {German},
  publisher = {{A}lpen-{A}dria {U}niversit{\~A}{\texteuro}t {K}lagenfurt},
  refbase   = {547},
  timestamp = {2019-10-29},
}

@PhdThesis{Kosel2008,
  author    = {Košel, Vladimír},
  title     = {{T}hermo-{M}echanical {A}nalysis of {S}mart {P}ower {S}witches under {D}ynamic {T}hermal {S}tress {C}onditions},
  school    = {Slovak University of Technology in Bratislava},
  year      = {2008},
  address   = {Bratislava},
  editor    = {Alexander, Šatka and Michael, Glavanovics},
  file      = {:https\://kai.intra.infineon.com/refbase/documents/Ko_el/392_2008.pdf:URL},
  keywords  = {Smart Power Switches},
  language  = {English},
  refbase   = {392},
  timestamp = {2019-10-29},
}

@InProceedings{Kosel2008a,
  author    = {Košel, Vladimír and Glavanovics, Michael and Scheikl, Erich},
  title     = {{E}valuation of an electrical method for detection of die attach imperfections in {S}mart {P}ower {S}witches using transient thermal {FEM} simulations},
  booktitle = {2008 14\textsuperscript{th} International Workshop on Thermal Inveatigation of ICs and Systems},
  year      = {2008},
  pages     = {204--207},
  publisher = {{IEEE}},
  doi       = {10.1109/THERMINIC.2008.4669909},
  file      = {:https\://kai.intra.infineon.com/refbase/documents/Ko_el/416_2008.pdf:URL},
  isbn      = {978-2-355-000-089},
  keywords  = {FEM},
  language  = {English},
  location  = {Rom},
  refbase   = {416},
  timestamp = {2019-10-29},
}

@Conference{Matoy2008,
  author    = {Matoy, Kurt and Detzel, Thomas and Schönherr, Helmut and Schöberl, Thomas and Motz, Christian and Pippan, Reinhard and Dehm, Gerhard},
  title     = {{M}echanical behavior of {PECVD} silicon oxide, oxynitride and nitride: {A} comparative micro-cantilever deflection study},
  booktitle = {GRC Conference on Thin Film \& Small Scale Mechanical Behavior},
  year      = {2008},
  file      = {:https\://kai.intra.infineon.com/refbase/documents/K_Matoy/398.pdf:URL},
  keywords  = {PECVD},
  language  = {English},
  location  = {Waterville (Maine, US)},
  refbase   = {398},
  timestamp = {2019-10-29},
}

@InProceedings{Nguyen2008,
  author    = {Nguyen, Thang and Hell, Magnus-Maria},
  title     = {{V}erification of the {C}ontroller {A}rea {N}etwork physical layer with behavior modeling and simulation},
  booktitle = {Proceedings of the 19\textsuperscript{th} IASTED International Conference on Modelling and Simulation},
  year      = {2008},
  pages     = {217--222},
  file      = {:https\://kai.intra.infineon.com/refbase/documents/Nguyen_Thang/352.pdf:URL},
  location  = {Quebec, CANADA},
  refbase   = {352},
  timestamp = {2019-10-29},
}

@InProceedings{Nguyen2008a,
  author    = {Nguyen, Thang and Haase, Joachim and Pelz, Georg},
  title     = {{A} {S}ensitivity analysis of passive {CAN} bus components to investigate signal integrity of {CAN} network physical layer},
  booktitle = {2008 IEEE International Behavioral Modeling and Simulation Workshop},
  year      = {2008},
  doi       = {10.1109/BMAS.2008.4751240},
  file      = {:https\://kai.intra.infineon.com/refbase/documents/Thang_Nguyen/397.pdf:URL},
  keywords  = {Sensitivity analysis},
  language  = {English},
  location  = {Doubletree Hotel San Jose, California, USA},
  refbase   = {397},
  timestamp = {2019-10-29},
}

@MastersThesis{Patil2008,
  author    = {Patil, Satish},
  title     = {{C}onception and {D}esign of the {V}ibration {T}est {B}ench for {G}aint {M}agneto {R}esistive ({GMR}) sensors},
  school    = {RWTH Aachen},
  year      = {2008},
  address   = {Aachen},
  editor    = {Dipl.-Ing. Frank Harmeling},
  file      = {:https\://kai.intra.infineon.com/refbase/documents/Patil/146_2008.pdf:URL},
  keywords  = {GMR},
  language  = {English},
  refbase   = {146},
  timestamp = {2019-10-29},
}

@InProceedings{PirkerFruehauf2008,
  author    = {Pirker-Frühauf, Anton and Kunze, Matthias},
  title     = {{A} novel methodology to combine and speed-up the verification process of simulation and measurement of integrated circuits},
  booktitle = {Proceedings of the 2008 IEEE AUTOTESTCON Conference},
  year      = {2008},
  doi       = {10.1109/AUTEST.2008.4662622},
  file      = {:https\://kai.intra.infineon.com/refbase/documents/Pirker_Fr_hauf/412_2008.pdf:URL},
  isbn      = {978-1-424-422-265},
  issn      = {1088-7725},
  language  = {English},
  location  = {Salt Lake Citiy, UTAH, USA},
  refbase   = {412},
  timestamp = {2019-10-29},
}

@InProceedings{PirkerFruehauf2008a,
  author    = {Pirker-Frühauf, Anton and Gallent, Wolfgang and Kunze, Matthias and Pelz, Georg},
  title     = {{A}cceleration of {IC} verification process using advanced flexible modular measurement systems and software architectures},
  booktitle = {Proceedings of the 2008 IEEE Instrumentation and Measurement Technology Conference},
  year      = {2008},
  pages     = {1845--1847},
  publisher = {{IEEE}},
  doi       = {10.1109/IMTC.2008.4547345},
  file      = {:https\://kai.intra.infineon.com/refbase/documents/Pirker_Fr_hauf/408_2008.pdf:URL},
  isbn      = {978-1-424-415-410},
  issn      = {1091-5281},
  keywords  = {PXI},
  language  = {English},
  location  = {Victoria, Vancouver Island, Canada},
  refbase   = {408},
  timestamp = {2019-10-29},
}

@InProceedings{Satz2008c,
  author    = {Satz, Armin and Hammerschmidt, Dirk},
  title     = {{N}ew {M}odeling \& {E}valuation {A}pproach for {C}apacitive {O}ccupant {D}etection in {V}ehicles},
  booktitle = {2008 IEEE International Behavioral Modeling and Simulation Workshop},
  year      = {2008},
  pages     = {25--28},
  doi       = {10.1109/BMAS.2008.4751234},
  file      = {:https\://kai.intra.infineon.com/refbase/documents/Satz/395.pdf:URL},
  keywords  = {Capacitive sensing},
  language  = {English},
  refbase   = {395},
  timestamp = {2019-10-29},
}

@Article{Smorodin2008,
  author    = {Smorodin, Tobias and Nelle, Peter and Busch, Jörg and Wilde, Jörg and Glavanovics, Michael and Stecher, Matthias},
  title     = {{I}nvestigation and improvement of {DMOS} switches under fast electro-thermal cycle stress},
  journal   = {Solid-State Electronics},
  year      = {2008},
  volume    = {52},
  number    = {9},
  pages     = {1353--1358},
  issn      = {0038-1101},
  doi       = {10.1016/j.sse.2008.04.025},
  language  = {English},
  publisher = {{E}lsevier},
  refbase   = {448},
  timestamp = {2019-10-29},
}

@InProceedings{Zarbakhsh2008,
  author    = {Zarbakhsh, Javad and Detzel, Thomas and Huang, Rui and Leicht, Markus and Nelle, Peter and Woehlert, Stefan},
  title     = {{P}rediction of wafer bow through thermomechanical simulation of patterned hard coated copper films},
  booktitle = {EuroSimE 2008 - International Conference on Thermal, Mechanical and Multi-Physics Simulation and Experiments in Microelectronics and Micro-Systems},
  year      = {2008},
  doi       = {10.1109/ESIME.2008.4525036},
  file      = {:https\://kai.intra.infineon.com/refbase/documents/Zarbakhsh/372_2008.pdf:URL},
  isbn      = {978-1-424-421-275},
  language  = {English},
  location  = {Freiburg im Breisgau, Germany},
  refbase   = {372},
  timestamp = {2019-10-29},
}

@Comment{jabref-meta: databaseType:bibtex;}

@Comment{jabref-meta: fileDirectory:documents;}

@Comment{jabref-meta: protectedFlag:true;}

@Comment{jabref-meta: saveActions:enabled;
pages[normalize_page_numbers]
month[normalize_month]
author[identity]
booktitle[ordinals_to_superscript]
title[identity]
;}

@Comment{jabref-meta: saveOrderConfig:specified;bibtexkey;false;abstract;false;abstract;false;}
