% Encoding: UTF-8

@InProceedings{Aichinger2009,
  author    = {Aichinger, Thomas and Nelhiebel, Michael and Grasser, Tibor},
  title     = {{U}nambiguous identification of the {NBTI} recovery mechanism using ultra-fast temperature changes},
  booktitle = {2009 IEEE International Reliability Physics Symposium},
  year      = {2009},
  pages     = {2--7},
  publisher = {{IEEE}},
  file      = {:https\://kai.intra.infineon.com/refbase/documents/Aichinger/533_2009.pdf:URL},
  keywords  = {NBTI recovery},
  language  = {English},
  location  = {Montreal, CA},
  refbase   = {533},
  timestamp = {2019-10-29},
}

@Article{Aichinger2009a,
  author    = {Aichinger, Thomas and Nelhiebel, Michael and Grasser, Tibor},
  title     = {{A} {C}ombined {S}tudy of p- and n-{C}hannel {MOS} {D}evices to {I}nvestigate the {E}nergetic {D}istribution of {O}xide {T}raps {A}fter {NBTI}},
  journal   = {IEEE Transactions on Electron Devices},
  year      = {2009},
  volume    = {56},
  number    = {12},
  pages     = {3018--3026},
  doi       = {10.1109/TED.2009.2033008},
  file      = {:https\://kai.intra.infineon.com/refbase/documents/Aichinger/543_2009.pdf:URL},
  language  = {English},
  refbase   = {543},
  timestamp = {2019-10-29},
}

@InProceedings{Anastasiadis2008a,
  author    = {Anastasiadis, Ioannis and Werth, Tobias and Preis, Kurt},
  title     = {Evaluation and optimization of back-bias magnets for automotive applications using Finite Element Methods},
  booktitle = {IEEE Conference on Electromagnetic Field Computation},
  year      = {2008},
  file      = {:https\://kai.intra.infineon.com/refbase/documents/Ioannis_Anastasiadis/396.pdf:URL},
  owner     = {steinweb},
  refbase   = {396},
  timestamp = {2019-11-01},
}

@Article{Anastasiadis2009a,
  author    = {Anastasiadis, Ioannis and Werth, Tobias and Preis, Kurt},
  title     = {{E}valuation and {O}ptimization of {B}ack-{B}ias {M}agnets for {A}utomotive {A}pplications {U}sing {F}inite-{E}lement {M}ethods},
  journal   = {IEEE Transactions on Magnetics},
  year      = {2009},
  volume    = {45},
  number    = {3},
  pages     = {1332--1335},
  doi       = {10.1109/TMAG.2009.2012618},
  file      = {:https\://kai.intra.infineon.com/refbase/documents/Anastasiadis/534_2009.pdf:URL},
  language  = {English},
  location  = {Athens, Greece},
  refbase   = {534},
  timestamp = {2019-10-29},
}

@MastersThesis{Bellwald2009,
  author    = {Bellwald, Lukas},
  title     = {{I}mplementation of a {D}ata {A}cquisition {S}ystem for {P}erformance {M}easurements of {M}agnetic {F}ield {S}ensor {P}roducts within an {A}pplication {G}ear {T}est-{B}ench},
  school    = {Carinthia University of Applied Sciences},
  year      = {2009},
  type      = {{B}achelor's thesis},
  address   = {Villach},
  file      = {:https\://kai.intra.infineon.com/refbase/documents/Bellwald/471_2009.pdf:URL},
  refbase   = {471},
  timestamp = {2019-10-29},
}

@InProceedings{Bluder2009,
  author    = {Bluder, Olivia and Waukmann, Alfred},
  title     = {{B}ayesian {L}ifetime {M}odeling for {P}ower {S}emiconductor {D}evices},
  booktitle = {Proceedings of the World Congress on Engineering and Computer Science},
  year      = {2009},
  pages     = {826--831},
  file      = {:https\://kai.intra.infineon.com/refbase/documents/Bluder/539.pdf:URL},
  owner     = {steinwender},
  refbase   = {539},
  timestamp = {2019-10-29},
}

@MastersThesis{deFilippis2009,
  author    = {de Filippis, Stefano},
  title     = {{D}evelopment of an experimental setup for {I}nfrared {C}amera characterization aimed at {S}mart {P}ower devices {T}hermography},
  school    = {Università degli Studi di Napoli - Federico II},
  year      = {2009},
  address   = {Naples},
  editor    = {Irace, Prof. Andrea and Glavanovics, Michael},
  file      = {:https\://kai.intra.infineon.com/refbase/documents/Stefano_de_Filippis/461_2009.pdf:URL},
  keywords  = {Thermography},
  language  = {English},
  refbase   = {461},
  timestamp = {2019-10-29},
}

@MastersThesis{Djelassi2009,
  author    = {Djelassi, Christian},
  title     = {{D}evelopment of an {A}utomated {M}easurement {S}ystem for a {S}mart {P}ower {T}echnology {T}estchip to {C}haracterize {M}echanical {P}ackage {S}tress},
  school    = {Carinthia University of Applied Sciences},
  year      = {2009},
  address   = {Villach},
  editor    = {Hauser, Robert and Glavanovics, Michael},
  file      = {:https\://kai.intra.infineon.com/refbase/documents/_Djelassi/462_2009.pdf:URL},
  keywords  = {CMOS stress sensor chips},
  language  = {English},
  refbase   = {462},
  timestamp = {2019-10-29},
}

@MastersThesis{Duregger2009,
  author    = {Duregger, Martin},
  title     = {{D}evelopment of an {A}utomatic {CAN} {M}easurement and {E}valuation {S}ystem},
  school    = {Carinthia University of Applied Sciences},
  year      = {2009},
  address   = {Villach},
  file      = {:https\://kai.intra.infineon.com/refbase/documents/Duregger/531_2009.pdf:URL},
  publisher = {{C}arinthia {U}niversity of {A}pplied {S}ciences},
  refbase   = {531},
  timestamp = {2019-10-29},
}

@InProceedings{Glavanovics2009,
  author    = {Glavanovics, Michael and Kreuter, Hans-Peter and Sleik, Roland and Schreiber, Christoph},
  title     = {{C}ycle {S}tress {T}est {E}quipment for {A}utomated {S}hort {C}ircuit {T}esting of {S}mart {P}ower {S}witches {A}ccording to the {AEC} {Q}100-012 {S}tandard},
  booktitle = {Proceedings of the 13\textsuperscript{th} European Conference on Power Electronics and Applications},
  year      = {2009},
  file      = {:https\://kai.intra.infineon.com/refbase/documents/Glavanovics/465.pdf:URL},
  keywords  = {Reliability},
  language  = {English},
  location  = {Barcelona, Spain},
  refbase   = {465},
  timestamp = {2019-10-29},
  url       = {http://ieeexplore.ieee.org/document/5278683},
  urldate   = {2017-11-02},
}

@InProceedings{Grasser2009,
  author    = {Grasser, Tibor and Reisinger, Hans and Goes, Wolfgang and Aichinger, Thomas and Hehenberger, Philip and Wagner, Paul-Jürgen and Nelhiebel, Michael and Franco, Jacopo and Kaczer, Ben},
  title     = {{S}witching oxide traps as the missing link between negative bias temperature instability and random telegraph noise},
  booktitle = {Proceedings of the 2009 IEEE International Electron Devices Meeting},
  year      = {2009},
  doi       = {10.1109/IEDM.2009.5424235},
  file      = {:https\://kai.intra.infineon.com/refbase/documents/Grasser/583_2009.pdf:URL},
  language  = {English},
  location  = {Baltimore, USA},
  refbase   = {583},
  timestamp = {2019-10-29},
}

@InProceedings{Grasser2009a,
  author    = {Grasser, Tibor and Kaczer, Ben and Goes, Wolfgang and Aichinger, Thomas and Hehenberger, Philip and Nelhiebel, Michael},
  title     = {{A} {T}wo-{S}tage {M}odel for {N}egative {B}ias {T}emperature {I}nstability},
  booktitle = {Proceedings of the 2009 IEEE International Reliability Physics Symposium},
  year      = {2009},
  pages     = {33--44},
  doi       = {10.1109/IRPS.2009.5173221},
  file      = {:https\://kai.intra.infineon.com/refbase/documents/Grasser/585_2009.pdf:URL},
  language  = {English},
  location  = {Montreal, CA, USA},
  refbase   = {585},
  timestamp = {2019-11-02},
}

@Article{Grasser2009b,
  author    = {Grasser, Tibor and Kaczer, Ben and Goes, Wolfgang and Aichinger, Thomas and Hehenberger, Philip and Nelhiebel, Michael},
  title     = {{U}nderstanding negative bias temperature instability in the context of hole trapping},
  journal   = {Microelectronic Engineering},
  year      = {2009},
  volume    = {86},
  number    = {7-9},
  pages     = {1876--1882},
  doi       = {10.1016/j.mee.2009.03.120},
  file      = {:https\://kai.intra.infineon.com/refbase/documents/Grasser/582_2009.pdf:URL},
  language  = {English},
  refbase   = {582},
  timestamp = {2019-10-29},
}

@InProceedings{Hehenberger2009,
  author    = {Hehenberger, Philip and Aichinger, Thomas and Grasser, Tibor and Goes, Wolfgang and Triebl, Oliver and Kaczer, Ben and Nelhiebel, Michael},
  title     = {{D}o {NBTI}-induced interface states show fast recovery? {A} study using a corrected on-the-fly charge-pumping measurement technique},
  booktitle = {2009 IEEE International Reliability Physics Symposium},
  year      = {2009},
  pages     = {1033--1038},
  doi       = {10.1109/IRPS.2009.5173406},
  file      = {:https\://kai.intra.infineon.com/refbase/documents/Hehenberger/584_2009.pdf:URL},
  language  = {English},
  location  = {Montreal, CA},
  refbase   = {584},
  timestamp = {2019-10-29},
}

@Article{Huang2009,
  author    = {Huang, Rui and Robl, Werner and Ceric, Hajdin and Detzel, Thomas and Dehm, Gerhard},
  title     = {{S}tress, {S}heet {R}esistance, and {M}icrostructure {E}volution of {E}lectroplated {C}u {F}ilms {D}uring {S}elf-{A}nnealing},
  journal   = {IEEE Transactions on Device and Materials Reliability},
  year      = {2009},
  volume    = {10},
  number    = {1},
  pages     = {47--54},
  doi       = {10.1109/TDMR.2009.2032768},
  file      = {:https\://kai.intra.infineon.com/refbase/documents/Huang/554_2009.pdf:URL},
  refbase   = {554},
  timestamp = {2019-10-29},
}

@Article{Koeck2009,
  author    = {Köck, Helmut and Košel, Vladimír and Djelassi, Christian and Glavanovics, Michael and Pogany, Dionyz},
  title     = {{IR} thermography and {FEM} simulation analysis of on-chip temperature during thermal-cycling power-metal reliability testing using in-situ heated structures},
  journal   = {Microelectronics Reliability},
  year      = {2009},
  volume    = {49},
  number    = {9-11},
  pages     = {1132--1136},
  issn      = {0026-2714},
  doi       = {10.1016/j.microrel.2009.06.032},
  file      = {:https\://kai.intra.infineon.com/refbase/documents/K_ck/557_2009.pdf:URL},
  keywords  = {IR thermography},
  language  = {English},
  publisher = {{E}lsevier},
  refbase   = {557},
  timestamp = {2019-10-29},
}

@Article{Kosel2009,
  author    = {Košel, Vladimír},
  title     = {{T}hermo-{M}echanical {A}nalysis of a {S}mart {P}ower {S}witch {S}ubjected to {T}ransient {T}hermal {S}tress},
  journal   = {Infoplaner CADFEM},
  year      = {2009},
  volume    = {1},
  pages     = {40--41},
  file      = {:https\://kai.intra.infineon.com/refbase/documents/Ko_el/551_2009.pdf:URL},
  keywords  = {FEM},
  language  = {English},
  refbase   = {551},
  timestamp = {2019-10-29},
}

@InProceedings{Kreuter2009,
  author    = {Kreuter, Hans-Peter and Košel, Vladimír and Glavanovics, Michael and Illing, Robert},
  title     = {{S}ystem level modeling of smart power switches using {S}ystem{C}-{AMS} for digital protection concept verification},
  booktitle = {2009 IEEE Behavioral Modeling and Simulation Workshop},
  year      = {2009},
  pages     = {37--42},
  doi       = {10.1109/BMAS.2009.5338890},
  file      = {:https\://kai.intra.infineon.com/refbase/documents/Kreuter/507.pdf:URL},
  keywords  = {Smart Power},
  language  = {English},
  location  = {San Jose, California, USA},
  refbase   = {507},
  timestamp = {2019-10-29},
}

@InCollection{Kreuter2009a,
  author    = {Kreuter, Hans-Peter and Köck, Helmut},
  title     = {{FPGA} based {C}losed {L}oop {C}ontrol to {A}ccelerate {L}ife {T}ime {S}tress {T}ests for {S}mart {P}ower {S}witches},
  booktitle = {Virtuelle Instrumente in der Praxis: Begleitband zum Kongress VIP 2009},
  publisher = {{H}üthig},
  year      = {2009},
  file      = {:https\://kai.intra.infineon.com/refbase/documents/Kreuter/469_2009.pdf:URL},
  language  = {English},
  location  = {Fürstenfeldbruck - Germany},
  refbase   = {469},
  timestamp = {2019-10-29},
}

@InProceedings{Kreuter2009b,
  author    = {Kreuter, Hans-Peter and Glavanovics, Michael and Schreiber, Christoph},
  title     = {{C}losed {L}oop {T}emperature and {R}epetition {R}ate {C}ontrol for {A}ccelerated {P}ulse {S}tress {T}esting of {S}mart {P}ower {S}witches},
  booktitle = {13\textsuperscript{th} European Conference on Power Electronics and Applications},
  year      = {2009},
  file      = {:https\://kai.intra.infineon.com/refbase/documents/Kreuter/466.pdf:URL},
  keywords  = {Reliability},
  language  = {English},
  location  = {Barcelona, Spain},
  refbase   = {466},
  timestamp = {2019-10-29},
}

@Article{Matoy2009,
  author    = {Matoy, Kurt and Detzel, Thomas and Schönherr, Helmut and Motz, Christian and Dehm, Gerhard},
  title     = {{A} comparative micro-cantilever study of the mechanical behavior of silicon based passivation films},
  journal   = {Thin Solid Films},
  year      = {2009},
  volume    = {518},
  number    = {1},
  pages     = {247--256},
  issn      = {0040-6090},
  doi       = {10.1016/j.tsf.2009.07.143},
  file      = {:https\://kai.intra.infineon.com/refbase/documents/Matoy/528_2009.pdf:URL},
  language  = {English},
  publisher = {{E}lsevier},
  refbase   = {528},
  timestamp = {2019-10-29},
}

@InProceedings{Matoy2009a,
  author    = {Matoy, Kurt and Detzel, Thomas and Motz, Christian and Dehm, Gerhard},
  title     = {{M}echanical characterization of silicon based dielectrics and dielectric/metal interfaces},
  booktitle = {European Congress and Exhibition on Advanced Materials and Processes},
  year      = {2009},
  file      = {:https\://kai.intra.infineon.com/refbase/documents/Matoy/561_2009.pdf:URL},
  language  = {English},
  location  = {Glasgow},
  refbase   = {561},
  timestamp = {2019-10-29},
}

@InProceedings{Matoy2009b,
  author    = {Matoy, Kurt and Detzel, Thomas and Müller, Matthias and Motz, Christian and Dehm, Gerhard},
  title     = {{I}nterface fracture properties of thin films studied by using the micro-cantilever deflection technique},
  booktitle = {International Conference on Metallurgical Coatings and Thin Films},
  year      = {2009},
  file      = {:https\://kai.intra.infineon.com/refbase/documents/Matoy/444_2009.pdf:URL},
  language  = {English},
  location  = {San Diego, CA, US},
  refbase   = {444},
  timestamp = {2019-11-04},
}

@PhdThesis{Matoy2009c,
  author    = {Matoy, Kurt},
  title     = {{M}icro-{M}echanical {C}haracterization of {S}ilicon based {D}ielectric {F}ilms and {M}etal/{D}ielectric {I}nterfaces},
  school    = {Montanuniversität Leoben},
  year      = {2009},
  address   = {Leoben},
  file      = {:https\://kai.intra.infineon.com/refbase/documents/Matoy/627_2009.pdf:URL},
  language  = {English},
  refbase   = {627},
  timestamp = {2019-10-29},
}

@InProceedings{Nguyen2009,
  author    = {Nguyen, Thang and Gürsoy, Mihriban and Metzner, Dieter},
  title     = {{S}ystem level modeling, simulation and verification of a {CAN} physical layer star network using behavior modeling language},
  booktitle = {23\textsuperscript{rd} EUROPEAN Conference on Modelling and Simulation},
  year      = {2009},
  file      = {:https\://kai.intra.infineon.com/refbase/documents/Nguyen/450_2009.pdf:URL},
  language  = {English},
  location  = {Universidad Rey Juan Carlos - Madrid - SPAIN},
  refbase   = {450},
  timestamp = {2019-10-29},
}

@InProceedings{Nguyen2009a,
  author    = {Nguyen, Thang and Duregger, Martin and Pelz, Georg},
  title     = {{F}ull system verification of {CAN} {N}etwork at high speed transmission rate using {VHDL}-{AMS}},
  booktitle = {2009 IEEE Behavioral Modeling and Simulation Workshop},
  year      = {2009},
  pages     = {84--89},
  doi       = {10.1109/BMAS.2009.5338882},
  file      = {:https\://kai.intra.infineon.com/refbase/documents/Nguyen/451.pdf:URL},
  language  = {English},
  location  = {San Jose, USA},
  refbase   = {451},
  timestamp = {2019-10-29},
}

@PhdThesis{Nguyen2009b,
  author    = {Nguyen, Thang},
  title     = {{V}irtual {P}rototyping of the {CAN} {P}hysical {L}ayer {U}sing {VHDL}-{AMS}},
  school    = {Vienna University of Technology},
  year      = {2009},
  address   = {Vienna},
  file      = {:https\://kai.intra.infineon.com/refbase/documents/Nguyen/565_2009.pdf:URL},
  language  = {English},
  refbase   = {565},
  timestamp = {2019-10-29},
}

@InProceedings{PirkerFruehauf2009,
  author    = {Pirker-Frühauf, Anton},
  title     = {{A} knowledge-based test program following the {ATML} {S}tandard},
  booktitle = {2009 IEEE AUTOTESTCON},
  year      = {2009},
  pages     = {195--199},
  publisher = {{IEEE}},
  doi       = {10.1109/AUTEST.2009.5314090},
  file      = {:https\://kai.intra.infineon.com/refbase/documents/Pirker_Fr_hauf/460_2009.pdf:URL},
  keywords  = {ATML},
  language  = {English},
  location  = {Anaheim, CA, USA},
  refbase   = {460},
  timestamp = {2019-10-29},
}

@PhdThesis{PirkerFruehauf2009a,
  author    = {Pirker-Frühauf, Anton},
  title     = {{N}ew methods and concepts to speed-up the verification process of integrated circuits},
  school    = {Vienna University of Technology},
  year      = {2009},
  address   = {Vienna},
  editor    = {Grünbacher, Herbert and Pelz, Georg},
  file      = {:https\://kai.intra.infineon.com/refbase/documents/Pirker_Fr_hauf/447_2009.pdf:URL},
  keywords  = {Verification process},
  language  = {English},
  refbase   = {447},
  timestamp = {2019-10-29},
}

@InProceedings{Puchner2009,
  author    = {Puchner, Stefan and Zechmann, Arno and Detzel, Thomas and Hutter, Herbert},
  title     = {{T}itanium layers on aluminum bond pads: {C}haracterisation of thin layers on rough substrates},
  booktitle = {13\textsuperscript{th} European Conference on Applications of Surface and Interface Analysis},
  year      = {2009},
  file      = {:https\://kai.intra.infineon.com/refbase/documents/Puchner/548_2009.pdf:URL},
  language  = {English},
  location  = {Antalya, Turkey},
  refbase   = {548},
  timestamp = {2019-10-29},
}

@InProceedings{Riccio2009,
  author    = {Riccio, Michele and Košel, Vladimír and Irace, Andrea and Breglio, Giovanni and Spirito, Paolo and Glavanovics, Michael and Šatka, Alexander},
  title     = {{T}hermal {S}imulation and {U}ltrafast {IR} {T}emperature {M}apping of a {S}mart {P}ower {S}witch for {A}utomotive {A}pplications},
  booktitle = {2009 21\textsuperscript{st} International Symposium on Power Semiconductor Devices \& IC's},
  year      = {2009},
  doi       = {10.1109/ISPSD.2009.5158036},
  file      = {:https\://kai.intra.infineon.com/refbase/documents/Riccio/542.pdf:URL},
  keywords  = {transient IR measurement},
  language  = {English},
  location  = {Barcelona, Spain},
  refbase   = {542},
  timestamp = {2019-10-29},
}

@Article{Satz2009,
  author    = {Satz, Armin and Hammerschmidt, Dirk and Tumpold, David},
  title     = {{C}apacitive passenger detection utilizing dielectric dispersion in human tissues},
  journal   = {Sensors and Actuators A: Physical},
  year      = {2009},
  volume    = {152},
  number    = {1},
  pages     = {1--4},
  doi       = {10.1016/j.sna.2009.03.005},
  file      = {:https\://kai.intra.infineon.com/refbase/documents/Armin_Satz/445_2009.pdf:URL},
  keywords  = {Capacitive sensors},
  language  = {English},
  publisher = {{E}lsevier},
  refbase   = {445},
  timestamp = {2019-10-29},
}

@PhdThesis{Satz2009a,
  author    = {Satz, Armin},
  title     = {{N}ew methods and concepts for capacitive passenger detection},
  school    = {Vienna University of Technology},
  year      = {2009},
  address   = {Vienna},
  file      = {:https\://kai.intra.infineon.com/refbase/documents/Armin_Satz/446_2009.pdf:URL},
  refbase   = {446},
  timestamp = {2019-10-29},
}

@MastersThesis{TrejoCaballero2009,
  author    = {Trejo Caballero, Carlos Omar},
  title     = {{S}tudy of {O}n-{C}hip {S}tress {D}istribution {O}rginated from {C}opper {P}atterns in {P}ackage {I}nteraction {T}est {C}hip},
  school    = {Carinthia University of Applied Sciences},
  year      = {2009},
  address   = {Villach},
  editor    = {Hauser, Robert and Zarbakhsh, Javad},
  file      = {:https\://kai.intra.infineon.com/refbase/documents/Trejo_Caballero/537_2009.pdf:URL},
  language  = {English},
  refbase   = {537},
  timestamp = {2019-10-29},
}

@InProceedings{Tumpold2009,
  author    = {Tumpold, David and Satz, Armin},
  title     = {{C}ontactless {S}eat {O}ccupation {D}etection {S}ystem {B}ased on {E}lectric {F}ield {S}ensing},
  booktitle = {2009 35\textsuperscript{th} Annual Conference of IEEE Industrial Electronics},
  year      = {2009},
  pages     = {1823--1828},
  doi       = {10.1109/IECON.2009.5414836},
  file      = {:https\://kai.intra.infineon.com/refbase/documents/Tumpold/546_2009.pdf:URL},
  language  = {English},
  location  = {Porto / Portogal},
  refbase   = {546},
  timestamp = {2019-10-29},
}

@MastersThesis{Tumpold2009a,
  author    = {Tumpold, David},
  title     = {{S}mart {S}eat {O}ccupand {D}etection {S}ystem for {N}on-contact {P}eople {R}ecognition, {B}ased on {E}lectric {F}ields},
  school    = {Carinthia University of Applied Sciences},
  year      = {2009},
  address   = {Villach},
  editor    = {DI(FH) Hermann Sterner, DI. Armin Satz},
  file      = {:https\://kai.intra.infineon.com/refbase/documents/_Tumpold/463_2009.pdf:URL},
  keywords  = {Occupant detection},
  language  = {English},
  refbae    = {463},
  refbase   = {463},
  timestamp = {2019-11-02},
}

@InProceedings{Wagner2009,
  author    = {Wagner, Paul-Jürgen and Aichinger, Thomas and Grasser, Tibor and Nelhiebel, Michael and Vandamme, Lode K. J.},
  title     = {{P}ossible {C}orrelation between {F}licker {N}oise and {B}ias {T}emperature {S}tress},
  booktitle = {NOISE AND FLUCTUATIONS: 20\textsuperscript{th} International Conference on Noise and Fluctuations (ICNF-2009)},
  year      = {2009},
  pages     = {621--624},
  doi       = {10.1063/1.3140551},
  file      = {:https\://kai.intra.infineon.com/refbase/documents/Wagner/580_2009.pdf:URL},
  language  = {English},
  location  = {Pisa, Italy},
  refbase   = {580},
  timestamp = {2019-10-29},
}

@Comment{jabref-meta: databaseType:bibtex;}

@Comment{jabref-meta: fileDirectory:documents;}

@Comment{jabref-meta: protectedFlag:true;}

@Comment{jabref-meta: saveActions:enabled;
pages[normalize_page_numbers]
month[normalize_month]
author[identity]
booktitle[ordinals_to_superscript]
title[identity]
;}

@Comment{jabref-meta: saveOrderConfig:specified;bibtexkey;false;abstract;false;abstract;false;}
