% Encoding: UTF-8

@PhdThesis{Anastasiadis2011,
  author    = {Anastasiadis, Ioannis},
  title     = {{M}odeling and {S}imulation of {GMR} {S}ensor {C}ircuits for {A}utomotive {A}pplications},
  school    = {Graz University of Technology},
  year      = {2011},
  address   = {Graz},
  file      = {:https\://kai.intra.infineon.com/refbase/documents/Anastasiadis/667_2011.pdf:URL},
  language  = {English},
  publisher = {{TU} {G}raz},
  refbase   = {667},
  timestamp = {2019-10-29},
}

@Article{Bluder2011,
  author    = {Bluder, Olivia and Glavanovics, Michael and Pilz, Jürgen},
  title     = {{A}pplying {B}ayesian mixtures-of-experts models to statistical description of smart power semiconductor reliability},
  journal   = {Microelectronics Reliability},
  year      = {2011},
  volume    = {51},
  number    = {9-11},
  pages     = {1464--1468},
  doi       = {10.1016/j.microrel.2011.06.038},
  file      = {:https\://kai.intra.infineon.com/refbase/documents/Bluder/654_2011.pdf:URL},
  owner     = {steinwender},
  refbase   = {654},
  timestamp = {2019-10-29},
}

@PhdThesis{Bluder2011a,
  author    = {Olivia Bluder},
  title     = {{P}rediction of {S}mart {P}ower {D}evice {L}ifetime based on {B}ayesian {M}odeling},
  school    = {Alpen-Adria-Universität Klagenfurt},
  year      = {2011},
  file      = {:https\://kai.intra.infineon.com/refbase/documents/Bluder/655_2011.pdf:URL},
  owner     = {steinwender},
  refbase   = {655},
  timestamp = {2019-10-29},
}

@Article{deFilippis2011,
  author    = {de Filippis, Stefano and Košel, Vladimír and Dibra, Donald and Decker, Stefan and Köck, Helmut and Irace, Andrea},
  title     = {{ANSYS} based 3-{D} electro-thermal simulations for the evaluation of power {MOSFET}s robustness},
  journal   = {Microelectronics Reliability},
  year      = {2011},
  volume    = {51},
  number    = {9-11},
  pages     = {1954--1958},
  doi       = {10.1016/j.microrel.2011.06.047},
  file      = {:https\://kai.intra.infineon.com/refbase/documents/de_Filippis/659_2011.pdf:URL},
  keywords  = {Power MOSFET},
  language  = {English},
  publisher = {{E}lsevier},
  refbase   = {659},
  timestamp = {2019-10-29},
}

@Article{Djelassi2011,
  author    = {Djelassi, Christian and Aichinger, Thomas and Glavanovics, Michael and Kaltenbacher, Manfred},
  title     = {{I}n-{S}itu {S}ensor-{M}atrix to {D}etermine {P}ackage-{I}nduced {S}tresses},
  journal   = {IEEE Transactions on Components, Packaging and Manufacturing Technology},
  year      = {2011},
  volume    = {1},
  number    = {11},
  pages     = {1677--1684},
  note      = {2011 Best Paper Award of IEEE Transactions on Components, Packaging and Manufacturing Technology in the Packaging Technologies category.},
  address   = {445 Hoes Lane, Piscataway, NJ 08854-4141 USA},
  doi       = {10.1109/TCPMT.2011.2163311},
  language  = {English},
  publisher = {{IEEE} {C}omponents, {P}ackaging and {M}anufacturing {T}echnology {S}ociety},
  refbase   = {673},
  timestamp = {2019-10-29},
}

@MastersThesis{Djelassi2011a,
  author    = {Djelassi, Christian},
  title     = {{I}nvestigation on degradation of aluminum lines caused by fast and defined temperature cycling},
  school    = {Alpen-Adria-Universität Klagenfurt},
  year      = {2011},
  address   = {Klagenfurt},
  file      = {:https\://kai.intra.infineon.com/refbase/documents/Djelassi/642_2011.pdf:URL},
  language  = {English},
  refbase   = {642},
  timestamp = {2019-10-29},
}

@MastersThesis{Florian2011,
  author    = {Florian, Daniela},
  title     = {{I}mplementation and {E}valuation of an {A}utofocus and {R}egistration {A}lgorithm for {I}nfrared {M}icroscope {I}maging},
  school    = {Alpen-Adria-Universität Klagenfurt},
  year      = {2011},
  address   = {Klagenfurt},
  file      = {:https\://kai.intra.infineon.com/refbase/documents/Florian/641_2011.pdf:URL},
  keywords  = {focus algorithm},
  language  = {English},
  refbase   = {641},
  timestamp = {2019-10-29},
}

@InProceedings{Grasser2011,
  author    = {Grasser, Tibor and Aichinger, Thomas and Pobegen, Gregor and Reisinger, Hans and Wagner, Paul-Jürgen and Franco, Jacopo and Nelhiebel, Michael and Kaczer, Ben},
  title     = {{T}he '{P}ermanent' {C}omponent of {NBTI}: {C}omposition and {A}nnealing},
  booktitle = {2011 International Reliability Physics Symposium},
  year      = {2011},
  pages     = {605--613},
  publisher = {{IEEE}},
  doi       = {10.1109/IRPS.2011.5784543},
  file      = {:https\://kai.intra.infineon.com/refbase/documents/Grasser/634_2011.pdf:URL},
  language  = {English},
  location  = {Monterey, CA, USA},
  refbase   = {634},
  timestamp = {2019-10-29},
}

@InProceedings{Koeck2011,
  author    = {Köck, Helmut and de Filippis, Stefano and Djelassi Christian and Kreuter, Hans-Peter and Illing, Robert and Glavanovics, Michael and Kaltenbacher, Manfred},
  title     = {{I}n-situ calibration procedure for infrared microscopy temperature measurements},
  booktitle = {Proceedings of the Microtechnology and Thermal Problems in Electronics},
  year      = {2011},
  file      = {:https\://kai.intra.infineon.com/refbase/documents/K_ck/643_2011.pdf:URL},
  keywords  = {Infrared thermography},
  language  = {English},
  location  = {Lodz, Poland},
  refbase   = {643},
  timestamp = {2019-10-29},
}

@InProceedings{Koeck2011a,
  author    = {Köck, Helmut and Illing, Robert and Ostermann, Thomas and Decker, Stefan and Dibra, Donald and Pobegen, Gregor and de Filippis, Stefano and Glavanovics, Michael and Pogany, Dionyz},
  title     = {{D}esign of a test chip with small embedded temperature sensor structures realized in a common-drain power trench technology},
  booktitle = {2011 IEEE ICMTS International Conference on Microelectronic Test Structures},
  year      = {2011},
  pages     = {176--181},
  doi       = {10.1109/ICMTS.2011.5976842},
  file      = {:https\://kai.intra.infineon.com/refbase/documents/K_ck/631_2011.pdf:URL},
  isbn      = {978-1-424-485-277},
  issn      = {1071-9032},
  language  = {English},
  location  = {Amsterdam, Netherlands},
  refbase   = {631},
  timestamp = {2019-10-29},
}

@Article{Koeck2011b,
  author    = {Helmut Köck and Christian Djelassi and Stefano de Filippis and Robert Illing and Michael Nelhiebel and Markus Ladurner and Michael Glavanovics and Dionyz Pogany},
  title     = {Improved thermal management of low voltage power devices with optimized bond wire positions},
  journal   = {Microelectronics Reliability},
  year      = {2011},
  volume    = {51},
  number    = {9-11},
  pages     = {1913--1918},
  month     = sep,
  doi       = {10.1016/j.microrel.2011.06.052},
  file      = {:https\://kai.intra.infineon.com/refbase/documents/K_ck/658_2011.pdf:URL},
  owner     = {steinweb},
  publisher = {Elsevier {BV}},
  refbase   = {658},
  timestamp = {2019-11-01},
}

@Article{Krivec2011,
  author    = {Krivec, Stefan and Buchmayr, Michael and Detzel, Thomas and Froemling, Till and Fleig, Juergen and Hutter, Herbert},
  title     = {{T}he effect of bias-temperature stress on {N}a+ incorporation into thin insulating films},
  journal   = {Analytical and Bioanalytical Chemistry},
  year      = {2011},
  volume    = {400},
  number    = {3},
  pages     = {649--657},
  doi       = {10.1007/s00216-011-4686-z},
  file      = {:https\://kai.intra.infineon.com/refbase/documents/Krivec/625_2011.pdf:URL},
  language  = {English},
  publisher = {springer link},
  refbase   = {625},
  timestamp = {2019-10-29},
}

@PhdThesis{Krivec2011a,
  author    = {Krivec, Stefan},
  title     = {{I}nvestigations of mobile ion transport processes in thin layers upon bias-temperature stress},
  school    = {Vienna University of Technology},
  year      = {2011},
  address   = {Vienna},
  editor    = {Hutter, Herbert},
  file      = {:https\://kai.intra.infineon.com/refbase/documents/Krivec/635_2011.pdf:URL},
  keywords  = {bias-temperature stress},
  language  = {English},
  refbase   = {635},
  timestamp = {2019-10-29},
}

@MastersThesis{Musat2011,
  author    = {Musat, Liana},
  title     = {{D}evelopment of a {C}ompact {T}hermal {B}ehavioral {M}odel for {P}ower {MOSFET}s {A}pplying {M}odel {O}rder {R}eduction},
  school    = {Carinthia University of Applied Sciences},
  year      = {2011},
  address   = {Villach},
  file      = {:https\://kai.intra.infineon.com/refbase/documents/Musat/648_2011.pdf:URL},
  keywords  = {Model order reduction},
  language  = {English},
  refbase   = {648},
  timestamp = {2019-10-29},
}

@Article{Nelhiebel2011a,
  author    = {Michael Nelhiebel and Robert Illing and Christoph Schreiber and Stefan Wöhlert and S. Lanzerstorfer and Markus Ladurner and C. Kadow and Stefan Decker and Donald Dibra and Hubert Unterwalcher and M. Rogalli and Werner Robl and T. Herzig and M. Poschgan and M. Inselsbacher and Michael Glavanovics and Stéphane Fraissé},
  title     = {A reliable technology concept for active power cycling to extreme temperatures},
  journal   = {Microelectronics Reliability},
  year      = {2011},
  volume    = {51},
  number    = {9-11},
  pages     = {1927--1932},
  doi       = {10.1016/j.microrel.2011.06.042},
  file      = {:https\://kai.intra.infineon.com/refbase/documents/Nelhiebel/821_2011.pdf:URL},
  owner     = {steinweb},
  refbase   = {821},
  timestamp = {2019-10-29},
}

@MastersThesis{Plankensteiner2011,
  author    = {Plankensteiner, Kathrin},
  title     = {{A}pplication of {B}ayesian {M}odels to {P}redict {S}mart {P}ower {S}witch {L}ife {T}ime},
  school    = {Alpen-Adria-Universität Klagenfurt},
  year      = {2011},
  address   = {Klagenfurt},
  editor    = {O. Univ.-Prof. Dr. Juergen Pilz},
  file      = {:https\://kai.intra.infineon.com/refbase/documents/Plankensteiner/640_2011.pdf:URL},
  keywords  = {Semiconductors},
  language  = {English},
  refbase   = {640},
  timestamp = {2019-10-29},
}

@Conference{Plankensteiner2011a,
  author    = {Plankensteiner, Kathrin},
  title     = {{P}redicting {C}ensored {S}emiconductor {L}ifetimes with {B}ayesian {R}egression {M}odels {U}sing {M}ixtures of {E}xperts},
  booktitle = {Young Statisticians' Meeting},
  year      = {2011},
  file      = {:https\://kai.intra.infineon.com/refbase/documents/Plankensteiner/639.pdf:URL},
  language  = {English},
  location  = {Dublin},
  refbase   = {639},
  timestamp = {2019-10-29},
}

@Article{Pobegen2011,
  author    = {Pobegen, Gregor and Aichinger, Thomas and Grasser, Tibor and Nelhiebel, Michael},
  title     = {{I}mpact of gate poly doping and oxide thickness on the {N}- and {PBTI} in {MOSFET}s},
  journal   = {Microelectronics Reliability},
  year      = {2011},
  volume    = {51},
  number    = {9-11},
  pages     = {1530--1534},
  doi       = {10.1016/j.microrel.2011.06.024},
  file      = {:https\://kai.intra.infineon.com/refbase/documents/Pobegen/636.pdf:URL},
  keywords  = {NBTI},
  language  = {English},
  location  = {Bordeaux - France},
  publisher = {{E}lsevier},
  refbase   = {636},
  timestamp = {2019-10-29},
}

@InProceedings{Pobegen2011a,
  author    = {Pobegen, Gregor and Aichinger, Thomas and Nelhiebel, Michael and Grasser, Tibor},
  title     = {{U}nderstanding {T}emperature {A}cceleration for {NBTI}},
  booktitle = {2011 International Electron Devices Meeting},
  year      = {2011},
  pages     = {2731--2734},
  doi       = {10.1109/IEDM.2011.6131623},
  file      = {:https\://kai.intra.infineon.com/refbase/documents/Pobegen/645.pdf:URL},
  language  = {English},
  location  = {Washington, DC},
  refbase   = {645},
  timestamp = {2019-10-29},
}

@PhdThesis{Puchner2011,
  author    = {Puchner, Stefan},
  title     = {{C}haracterization of contaminations on semiconductor sufaces and thin layer systems with {T}ime of {F}light - {S}econdary {I}on {M}ass {S}pectrometry},
  school    = {Vienna University of Technology},
  year      = {2011},
  address   = {Wien},
  file      = {:https\://kai.intra.infineon.com/refbase/documents/Puchner/628_2011.pdf:URL},
  language  = {English},
  refbase   = {628},
  timestamp = {2019-10-29},
}

@PhdThesis{Smolka2011,
  author    = {Smolka, Martin},
  title     = {{T}emperaturabhängige mechanische {E}igenschaften miniaturisierter {K}upferstrukturen aus der {L}eistungshalbleiterelektronik},
  school    = {Montanuniversität Leoben},
  year      = {2011},
  address   = {Leoben},
  file      = {:https\://kai.intra.infineon.com/refbase/documents/Smolka/657_2011.pdf:URL},
  language  = {German},
  refbase   = {657},
  timestamp = {2019-10-29},
}

@InCollection{Steinwender2011,
  author    = {Steinwender, Benjamin},
  title     = {{H}ardware-kompatible {M}essdatenkomprimierung in {E}chtzeit für {L}ab{VIEW} {FPGA}},
  booktitle = {Virtuelle Instrumente in der Praxis 2011: Begleitband zum 16. VIP-Kongress},
  publisher = {{VDE} {V}erlag {G}mb{H}},
  year      = {2011},
  pages     = {20--24},
  address   = {Berlin},
  isbn      = {978-3-800-733-293},
  file      = {:https\://kai.intra.infineon.com/refbase/documents/Steinwender/653_2011.pdf:URL},
  keywords  = {LabVIEW},
  language  = {German},
  location  = {Fürstenfeldbruck, München},
  refbase   = {653},
  timestamp = {2019-10-29},
  url       = {http://sine.ni.com/cs/app/doc/p/id/cs-14495},
  urldate   = {2017-11-02},
}

@Comment{jabref-meta: databaseType:bibtex;}

@Comment{jabref-meta: fileDirectory:documents;}

@Comment{jabref-meta: protectedFlag:true;}

@Comment{jabref-meta: saveActions:enabled;
pages[normalize_page_numbers]
month[normalize_month]
author[identity]
booktitle[ordinals_to_superscript]
title[identity]
;}

@Comment{jabref-meta: saveOrderConfig:specified;bibtexkey;false;abstract;false;abstract;false;}
