% Encoding: UTF-8

@Article{Leitl2020a,
  author    = {Bernhard Leitl and Gerhard Schmidt and Gregor Pobegen and Peter Knoll and Heinz Krenn},
  title     = {Conduction mechanisms in hydrogenated amorphous silicon carbide},
  journal   = {JNCS},
  year      = {2020},
  volume    = {528},
  pages     = {119750},
  month     = jan,
  issn      = {0022-3093},
  doi       = {10.1016/j.jnoncrysol.2019.119750},
  file      = {:https\://kai.intra.infineon.com/refbase/documents/Leitl/1156_2019.pdf:URL},
  owner     = {steinweb},
  project   = {SOW411},
  refbase   = {1156},
  timestamp = {2019-11-04},
}

@Comment{jabref-meta: databaseType:bibtex;}

@Comment{jabref-meta: fileDirectory:documents;}

@Comment{jabref-meta: grouping:
0 AllEntriesGroup:;
1 KeywordGroup:Pogeben\;0\;keywords\;pobegen\;0\;0\;1\;\;\;\;;
}

@Comment{jabref-meta: protectedFlag:true;}

@Comment{jabref-meta: saveActions:enabled;
pages[normalize_page_numbers]
month[normalize_month]
author[identity]
booktitle[ordinals_to_superscript]
title[identity]
;}

@Comment{jabref-meta: saveOrderConfig:specified;bibtexkey;false;abstract;false;abstract;false;}
